% This file was created with JabRef 2.10.
% Encoding: UTF-8

@article{Ampatzoglou2007,
key={Ampatzoglou2007},
  author = {A. Ampatzoglou and A. Chatzigeorgiou},
  year = {2007},
  month = {05},
  pages = {445-454},
  title = {Evaluation of object-oriented design patterns in game development},
  volume = {49},
  journal = {Information and Software Technology},
}



@misc{xgboost-github,
key={xgboost-github},
  title = {Is it possible to update a model with new data without retraining the model from scratch?},
  howpublished = {\url{https://github.com/dmlc/xgboost/issues/3055}},
  note = {Accessed: 2019-01-15}
}

@misc{flask.pocoo.org,
key={flask.pocoo.org},
  title = {Flask is a microframework for Python based on Werkzeug, Jinja 2 and good intentions},
  howpublished = {\url{http://flask.pocoo.org/}},
  note = {Accessed: 2019-01-15}
}

@misc{jruby.org,
key={jruby.org},
  title = {The Ruby Programming Language on the JVM},
  howpublished = {\url{https://www.jruby.org}},
  note = {Accessed: 2019-01-15}
}

@misc{spaz.ca/poker/doc,
key={spaz.ca/poker/doc},
  title = {Package ca.ualberta.cs.poker },
  howpublished = {\url{http://spaz.ca/poker/doc}},
  note = {Accessed: 2019-01-15}
}

@misc{python.org,
key={python.org},
  title = {Python is a programming language that lets you work quickly and integrate systems more effectively.},
  howpublished = {\url{https://www.python.org/}},
  note = {Accessed: 2019-01-15}
}

@misc{sqlite.org,
key={sqlite.org},
  title = {What Is SQLite?},
  howpublished = {\url{https://www.sqlite.org/index.html}},
  note = {Accessed: 2019-01-15}
}

@Article{Sirin2008,
key={Sirin2008},
  Title                    = {{A machine learning approach to the poker playing problem}},
  Author                   = {V. Sirin, A. Polat},
  Year                     = {2008},
}

@Article{Billings2016,
key={Billings2016},
  Title                    = {{Opponent modeling in poker}},
  Author                   = {D. Billings, D. Papp, J. Schaeer, and D. Szafron},
  Journal                  = {In AAAI National Conference},
  Year                     = {1998},
}

@InProceedings{Davidson2000,
key={Davidson2000},
  Title                    = {{Improved opponent modeling in poker}},
  Author                   = {A. Davidson, D. Billings, J. Schaeffer, D. Szafron},
  Booktitle                = {Proceedings of the International Conference on Artificial Intelligence (IC-AI'2000), Las Vegas, NV},
  Year                     = {2000},
}

@InProceedings{Rubin2009,
key={Rubin2009},
  Title                    = {{SARTRE: System Overview, A Case-Based Agent for Two-Player Texas Hold’em}},
  Author                   = {J. Rubin, I. Watson},
  Booktitle                = {Workshop on Case-Based Reasoning for Computer Games, Eighth International Conference on Case-Based Reasoning (ICCBR 2009)},
  Publisher                = {Springer, Heidelberg},
  Year                     = {2009},
}

@InProceedings{Zikenvich2008,
key={Zikenvich2008},
  Title                    = {{Regret minimization in games with incomplete information}},
  Author                   = {M. Zinkevich, M. Johanson, M. Bowling, and C. Piccione},
  Booktitle                = {Neural Information Processing Systems, Volume 21},
  Year                     = {2008},
}

@InProceedings{Bowling2008,
key={Bowling2008},
  Title                    = {{Heads-up limit hold’em poker is solved}},
  Author                   = {M. Bowling, N. Burch, M. Johanson and O. Tammelin},
  Booktitle                = {Science, 347 (6218)},
  Year                     = {2015},
}

@InProceedings{Brown2015,
key={Brown2015},
  Title                    = {{Claudico: The World's Strongest No-Limit Texas Hold'em Poker AI}},
  Author                   = {N. Brown, T. Sandholm},
  Booktitle                = {In Proceedings of the Neural Information Processing Systems: Natural and Synthetic (NIPS) conference, Demonstration Track},
  Year                     = {2015},
}

@InProceedings{Brown2017,
key={Brown2017},
  Title                    = {{Libratus:The superhuman ai for no-limit poker}},
  Author                   = {N. Brown, T. Sandholm},
  Booktitle                = {In Proceedings of the Twenty-Sixth International Joint Conference on Artificial Intelligence, IJCAI-17, 5226–5228},
  Year                     = {2017},
}

@InProceedings{Moravcik2017,
key={Moravcik2017},
  Title                    = {{Deepstack: Expert-level artificial intelligence in heads-up no-limit poker}},
  Author                   = {M. Moravcik, M. Schmid., Burch, N., Lisy, V., Morrill, D., Bard, N., Davis, T., Waugh, K., Jo-hanson, M., and Bowling, M.},
  Booktitle                = {Science 356},
  Year                     = {2017},
  Pages                    = {508--513}
}

@InProceedings{Kocsis2006,
key={Kocsis2006},
  Title                    = {{Bandit Based Monte-Carlo Planning}},
  Author                   = {L. Kocsis, C. Szepesvari},
  Booktitle                = {Proceedings of the Seventeenth European Conference on Machine Learning},
  Year                     = {2006},
  Publisher                = {Springer-Verlag Berlin Heidelberg},
  Series                   = {4212},
  ISBN                     = {9783540460565},
  Pages                    = {282--293},
}

@InProceedings{Tammelin2015,
key={Tammelin2015},
  Title                    = {{Heads-up limit hold’em poker is solved}},
  Author                   = {O. Tammelin, N. Burch, M. Johanson, and M. Bowling},
  Booktitle                = {Science Volume 347},
  Year                     = {2015},
  Month                    = {january},
  Pages                    = {145-149},
}

@InProceedings{Billings1998,
key={Billings1998},
  Title                    = {{Poker as a Testbed for Machine Intelligence Research}},
  Author                   = {Billings, D., Papp, D., Schaeffer, J. and Szafron, D.},
  Booktitle                = {Proceedings of the 12th Biennial Conference of the Canadian Society for Computational Studies of Intelligence on Advances in Artificial Intelligence},
  Year                     = {1998},
  Month                    = {june},
  Pages                    = {228-238},
}

@Article{Silver2016,
key={Silver2016},
  Title                    = {{Deep reinforcement learning from self-play in imperfect-information games}},
  Author                   = {J. Heinrich, D. Silver},
  Journal                  = {NIPS Deep Reinforcement Learning Workshop},
  Year                     = {2016},
}

@InProceedings{Brown1951,
key={Brown1951},
  Title                    = {{Iterative solution of games by fictitious play}},
  Author                   = {G. W. Brown},
  Booktitle                = {Activity Analysis of Production and Allocation, Chap. XXIV},
  Pages                    = {374-376},
  Year                     = {1951},
}

@InProceedings{Heinrich2015,
key={Heinrich2015},
  Title                    = {{Fictitious Self-Play in Extensive-Form Games}},
  Author                   = {J. Heinrich, D. Silver, M. Lanctot},
  Booktitle                = {Proceedings of the 32nd International Conference on Machine Learning},
  Year                     = {2015},
}

@Article{Johanson2013,
key={Johanson2013},
  Title                    = {{Measuring the size of large no-limit poker games}},
  Author                   = {M. Johanson},
  Journal                  = {Technical Report TR13-01, Department of Computing Science, University of Alberta},
  Year                     = {2013},
  Month                    = {march},
}

@Misc{Bronowski1973,
key={Bronowski1973},
  Title                    = {{The ascent of man, Documentary Episode 13.}},
  Author                   = {J. Bronowski},
  Year                     = {1973},
}

@article{Polikar2001,
key={Polikar2001},
  author = {R. Polikar, L. Upda, S. Upda and V. Honavar},
  title = {Learn++: An Incremental Learning Algorithm for Supervised Neural Networks},
  journal = {Trans. Sys. Man Cyber Part C},
  issue_date = {November 2001},
  volume = {31},
  number = {4},
  month = nov,
  year = {2001},
  issn = {1094-6977},
  pages = {497--508},
  numpages = {12},
  doi = {10.1109/5326.983933},
  publisher = {IEEE Press},
}

@Inbook{Heckerman1998,
key={Heckerman1998},
  author="Heckerman, David",
  title="A Tutorial on Learning with Bayesian Networks",
  bookTitle="Learning in Graphical Models",
  year="1998",
  publisher="Springer Netherlands",
  address="Dordrecht",
  pages="301--354",
  isbn="978-94-011-5014-9",
  doi="10.1007/978-94-011-5014-9_11",
}

@book{Neapolitan2003,
key={Neapolitan2003},
 author = {Neapolitan, Richard E.},
 title = {Learning Bayesian Networks},
 year = {2003},
 isbn = {0130125342},
 publisher = {Prentice-Hall, Inc.},
 address = {Upper Saddle River, NJ, USA},
}

@Article{McCulloch1943,
key={McCulloch1943},
  author="W. S. McCulloch and W. Pitts",
  title="A logical calculus of the ideas immanent in nervous activity",
  journal="The bulletin of mathematical biophysics",
  year="1943",
  month="Dec",
  volume="5",
  number="4",
  pages="115--133",
}

@article{Rosenblatt1958,
key={Rosenblatt1958},
  author = {F. Rosenblatt},
  title = {The Perceptron: A Probabilistic Model for Information Storage and Organization in The Brain},
  journal = {Psychological Review},
  year = {1958},
  pages = {65--386}
}

@incollection{Rumelhart1986,
key={Rumelhart1986},
 author = {D. E. Rumelhart, G. E. Hinton and R. J. Williams},
 chapter = {Learning Internal Representations by Error Propagation},
 title = {Parallel Distributed Processing: Explorations in the Microstructure of Cognition, Vol. 1},
 year = {1986},
 isbn = {0-262-68053-X},
 pages = {318--362},
 numpages = {45},
 publisher = {MIT Press},
 address = {Cambridge, MA, USA},
}

@inproceedings{Glorot2010,
key={Glorot2010},
  author = {X. Glorot, A. Bordes and Y. Bengio},
  year = {2010},
  month = {01},
  title = {Deep Sparse Rectifier Neural Networks},
  volume = {15},
  journal = {Journal of Machine Learning Research}
}

@InProceedings{Glorot2010.2,
key={Glorot2010.2},
  title = 	 {Understanding the difficulty of training deep feedforward neural networks},
  author = 	 {Xavier Glorot and Yoshua Bengio},
  booktitle = {Proceedings of the Thirteenth International Conference on Artificial Intelligence and Statistics},
  pages = {249--256},
  year = {2010},
  volume = 	 {9},
  series = 	 {Proceedings of Machine Learning Research},
  month = 	 {May}
}

